<record><leader>00000cas a22000007a 4500</leader><controlfield tag="001">41405891</controlfield><controlfield tag="008">990521d193819uuncuwr ne      0    0eng d</controlfield><datafield ind1=" " ind2=" " tag="010"><subfield code="a">sn 99061513 </subfield></datafield><datafield ind1=" " ind2=" " tag="040"><subfield code="a">NVJ</subfield><subfield code="b">eng</subfield><subfield code="c">NVJ</subfield><subfield code="d">OCLCQ</subfield><subfield code="d">OCLCF</subfield><subfield code="d">OCLCO</subfield></datafield><datafield ind1="1" ind2=" " tag="029"><subfield code="a">AU@</subfield><subfield code="b">000020123420</subfield></datafield><datafield ind1=" " ind2=" " tag="042"><subfield code="a">msc</subfield></datafield><datafield ind1=" " ind2=" " tag="043"><subfield code="a">n-us-nc</subfield></datafield><datafield ind1="0" ind2=" " tag="130"><subfield code="a">News leader (Mooresville, N.C. : 1938)</subfield></datafield><datafield ind1="1" ind2="4" tag="245"><subfield code="a">The news leader.</subfield></datafield><datafield ind1=" " ind2=" " tag="260"><subfield code="a">Mooresville, N.C. :</subfield><subfield code="b">Commercial Press</subfield></datafield><datafield ind1=" " ind2=" " tag="300"><subfield code="a">v.</subfield></datafield><datafield ind1=" " ind2=" " tag="310"><subfield code="a">Weekly</subfield></datafield><datafield ind1=" " ind2=" " tag="500"><subfield code="a">Issue for Sept. 21, 1939 called, Iredell County Progressive Review Edition.</subfield></datafield><datafield ind1=" " ind2=" " tag="588"><subfield code="a">Description based on: Vol. 6, no. 50 (Sept. 21, 1939).</subfield></datafield><datafield ind1=" " ind2="0" tag="651"><subfield code="a">Mooresville (N.C.)</subfield><subfield code="v">Newspapers.</subfield></datafield><datafield ind1=" " ind2="0" tag="651"><subfield code="a">Iredell County (N.C.)</subfield><subfield code="v">Newspapers.</subfield></datafield><datafield ind1=" " ind2="7" tag="655"><subfield code="a">Newspapers.</subfield><subfield code="2">fast</subfield><subfield code="0">(OCoLC)fst01423814</subfield></datafield><datafield ind1=" " ind2="7" tag="651"><subfield code="a">North Carolina</subfield><subfield code="z">Iredell County.</subfield><subfield code="2">fast</subfield><subfield code="0">(OCoLC)fst01204548</subfield></datafield><datafield ind1=" " ind2="7" tag="651"><subfield code="a">North Carolina</subfield><subfield code="z">Mooresville.</subfield><subfield code="2">fast</subfield><subfield code="0">(OCoLC)fst01213155</subfield></datafield><datafield ind1=" " ind2=" " tag="752"><subfield code="a">United States</subfield><subfield code="b">North Carolina</subfield><subfield code="c">Iredell</subfield><subfield code="d">Mooresville.</subfield></datafield><datafield ind1="0" ind2="0" tag="780"><subfield code="t">Rounder and the news leader</subfield><subfield code="w">(DLC)sn 99061512</subfield></datafield></record>